@manual{sample,
  author = {TU Dortmund},
  title = {Versuch Nr.351-Fourier-Analyse und Synthese},
  year = 2014
}
