@manual{Anleitung,
  author = {TU Dortmund},
  title = {Versuch zum Literaturverzeichnis},
  year = 2014
}

@website{wolfram,
  author = {Spektrum der Wissenschaft},
  title = {Lexikon der Physik - Austrittsarbeit},
  url = {http://www.spektrum.de/lexikon/physik/austrittsarbeit/1067},
  note = {Stand: 10.07.2017, 11:36}
}
