@manual{Anleitung,
  author = {TU Dortmund},
  title = {V207: Das Kugelfall-Viskosimeter nach Höppler},
  year = 2014
}
@misc{ wiki,
   author = "Wikipedia",
   title = "Reynolds-Zahl --- Wikipedia{,} Die freie Enzyklopädie",
   year = "2017",
   url = "https://de.wikipedia.org/w/index.php?title=Reynolds-Zahl&oldid=161720484",
   note = "[Online; Stand 28. Januar 2017]"
 }
 @misc{ wiki2,
   author = "Wikipedia",
   title = "Viskosität --- Wikipedia{,} Die freie Enzyklopädie",
   year = "2017",
   url = "https://de.wikipedia.org/w/index.php?title=Viskosit%C3%A4t&oldid=161981354",
   note = "[Online; Stand 28. Januar 2017]"
 }
