@manual{Anleitung,
  author = {TU Dortmund},
  title = {Versuch zum Literaturverzeichnis},
  year = 2014
}

@website{princeton,
  url = {http://xray0.princeton.edu/~phil/Facility/fpk.lst},
  author = {Princeton University},
  date = 01.05.2017
}

@website{skuld,
  url = {http://skuld.bmsc.washington.edu/scatter/data/Hg.html},
  author = {Washington University},
  date = 01.05.2017
}
