@manual{Anleitung,
  author = {TU Dortmund},
  title = {Versuch Nr.103 - Biegung elastischer St√§be},
  year = 2014
}

@manual{DKI,
  author = {Deutsches Kupferinstitut},
  title = {CuZn39Pb3},
  year = 2016
}
