@manual{sample,
  author = {TU Dortmund},
  title = {Versuch Nr. 354 - Ged√§mpfte und erzwungene Schwingungen},
  year = 2014
}
