@manual{Anleitung,
  author = {TU Dortmund},
  title = {Versuch zum Literaturverzeichnis},
  year = 2014
}

@url{Brechung,
  url = https://refractiveindex.info/,
  date = 31.05.2017
}
