@manual{Anleitung,
  author = {TU Dortmund},
  title = {V701: Reichweite von Alphastrahlung},
  year = 2014
}
