@manual{Anleitung,
  author = {TU Dortmund},
  title = {Versuch Nr.601 - Der Franck-Hertz-Versuch},
  year = 2014
}

@book{Tipler,
author = {Paul A. Tipler, Gene Mosca},
title = {Physik},
subtitle = {Für Wissenschaftler und Ingenieure},
publisher = {Springer Verlag},
year = 2015
}
@misc{ wiki:fh,
   author = "Wikipedia",
   title = "Franck-Hertz-Versuch --- Wikipedia{,} Die freie Enzyklopädie",
   year = "2017",
   url = "https://de.wikipedia.org/w/index.php?title=Franck-Hertz-Versuch&oldid=163633440",
   note = "[Online; Stand 23. April 2017]"
 }
 @misc{ wiki:q,
   author = "Wikipedia",
   title = "Quecksilber --- Wikipedia{,} Die freie Enzyklopädie",
   year = "2017",
   url = "https://de.wikipedia.org/w/index.php?title=Quecksilber&oldid=164712650",
   note = "[Online; Stand 23. April 2017]"
 }
