@manual{Anleitung,
  author = {TU Dortmund},
  title = {Versuch zum Literaturverzeichnis},
  year = 2014
}
@misc{ wiki,
   author = "Wikipedia",
   title = "Wirbeltierauge --- Wikipedia{,} Die freie Enzyklopädie",
   year = "2017",
   url = "https://de.wikipedia.org/w/index.php?title=Wirbeltierauge&oldid=164864576",
   note = "[Online; Stand 7. Mai 2017]"
 }
@misc{oly,
  author= "Olympus",
  title="Tutorial für Dickenmessung-Schallgeschwindigkeiten im Material ",
  url= "http://www.olympus-ims.com/de/ndt-tutorials/thickness-gage/appendices-velocities/",
  note = "[Online; Stand 7. Mai 2017]"
  }
@misc{ gampt,
  author = "GAMPT mbH - Gesellschaft für Angewandte Medizinische Physik und Technik mbH",
  title = "PHY03 	Schallschwächung in Festkörpern",
  url = "http://www.gampt.de/content/cms/front_content.php?idart=108",
  note = "[Online; Stand 20. Mai 2017]"
}
