@manual{Anleitung,
  author = {TU Dortmund},
  title = {Versuch Nr.201 - Das Dulong-Petitsche Gesetz},
  year = 2014
}

@manual{R,
  author = {Spektrum},
  title = {Allgemeine Gaskonstante},
  year = {05.02.2017},
  url = {http://www.spektrum.de/lexikon/physik/allgemeine-gaskonstante/382}
}
