@manual{sample,
  author = {TU Dortmund},
  title = {Versuch Nr.355-Gekoppelte Schwingkreise},
  year = 2014
}
