@manual{Anleitung,
  author = {TU Dortmund},
  title = {Versuch zum Literaturverzeichnis},
  year = 2014
}

@website{spektrum,
  publisher = {Spektrum der Wissenschaft},
  title = {Lexikon der Physik - Plancksches Wirkungsquantum},
  url = {http://www.spektrum.de/lexikon/physik/plancksches-wirkungsquantum/11310},
  date = 04.07.2017
}
