@manual{Anleitung,
  author = {TU Dortmund},
  title = {Versuch Nr.703 - Das Geiger-Müller-Zählrohr},
  year = 2014
}
