@manual{Anleitung,
  author = {TU Dortmund},
  title = {Versuch zum Literaturverzeichnis},
  year = 2014
}
@misc{oly,
  author= "Olympus",
  title="Tutorial für Dickenmessung-Schallgeschwindigkeiten im Material ",
  url= "http://www.olympus-ims.com/de/ndt-tutorials/thickness-gage/appendices-velocities/",
  note = "[Online; Stand 7. Mai 2017]"
  }
@misc{ wiki,
   author = "Wikipedia",
   title = "Schlagvolumen --- Wikipedia{,} Die freie Enzyklopädie",
   year = "2016",
   url = "https://de.wikipedia.org/w/index.php?title=Schlagvolumen&oldid=159590283",
   note = "[Online; Stand 15. Mai 2017]"
 }
