@manual{Anleitung,
  author = {TU Dortmund},
  title = {Versuch Nr.206 - Die WÃ¤rmepumpe},
  year = 2014
}
