@manual{Anleitung,
  author = {TU Dortmund},
  title = {Versuch zum Literaturverzeichnis},
  year = 2014
}
@misc{ wiki,
   author = "Wikipedia",
   title = "Wärmeleitfähigkeit --- Wikipedia{,} Die freie Enzyklopädie",
   year = "2016",
   url = "https://de.wikipedia.org/w/index.php?title=W%C3%A4rmeleitf%C3%A4higkeit&oldid=160001401",
   note = "[Online; Stand 14. Januar 2017]"
 }
